@misc{python,
	author = {van Rossum, Guido and others},
	year = {1991--},
	title = {Python Programming Language}
}

@Misc{scipy,
	author =    {Eric Jones and Travis Oliphant and Pearu Peterson and others},
	title =     {{SciPy}: Open source scientific tools for {Python}},
	year =      {2001--},
	url = "http://www.scipy.org/",
	notes = {including NumPy, Pandas, and Matplotlib}
}

@article{pandas,
	title={pandas: a foundational Python library for data analysis and statistics},
	author={Wes McKinney},
	journal={Python for High Performance and Scientific Computing},
	volume={14},
	year={2011}
}

@misc{spiceminer,
    author = {Philipp Rasch},
    title = {spiceminer: A simple python wrapper for NASA's SPICE framework},
    year = {2013--}
}

@article{spiceypy,
	author = {Andrew Annex and Ben Pearson and Benoît Seignovert and Brian Carcich and Helge Eichhorn and Jesse Mapel and Johan L. Freiherr von Forstner and Jonathan McAuliffe and Jorge del Rio and Kristin Berry and K.-Michael Aye and Marcel Stefko and Miguel de Val-Borro and Shankar Kulumani and Shin-ya Murakami},
	doi = {10.21105/joss.02050},
	journal = {Journal of Open Source Software},
	month = {2},
	number = {46},
	pages = {2050},
	publisher = {The Open Journal},
	title = {SpiceyPy: a Pythonic Wrapper for the SPICE Toolkit},
	url = {https://doi.org/10.21105/joss.02050},
	volume = {5},
	year = {2020}
}

@misc{flight_tools,
    author = {Jan Köhler and Jan Kristoffer Appel and Jingnan Guo and Henning Lohf and Johan von Forstner and Thoren 
    McDole},
    title = {flight\_tools: A collection of tools for MSL/RAD data parsing and evaluation},
    year = {2012--},
    url = {https://gitlab.physik.uni-kiel.de/mslrad/flight_tools}
}

@misc{uncertainties,
	author = {Lebigot, Eric O.},
	title = {Uncertainties: a Python package for calculations with uncertainties},
	url = {https://pythonhosted.org/uncertainties/},
	year={2010-2016}
}

@book{latex,
	author = {Lamport, Leslie and others},
	year = {1986},
	title = {\LaTeX: a document preparation system},
	publisher = {Addison-Wesley Pub. Co.},
	isbn = {020115790X}
}

@misc{biblatex,
	author = {Philipp Lehman and Philip Kime and Joseph Wright and Audrey Boruvka},
	title = {Bib\LaTeX: a sophisticated bibliography system for \LaTeX\ users},
	year = {2006--},
	url = {https://github.com/plk/biblatex}
}

@misc{tikz,
	author = {Till Tantau and Christian Feuersänger},
	title = {PGF and TikZ -- Graphic systems for TeX},
	year = {2005--}
}

@misc{siunitx,
	author = {Joseph Wright},
	title = {siunitx: a comprehensive SI units package for \LaTeX},
	year = {2008--}
}

@ARTICLE{sunpy_community2020,
	doi = {10.3847/1538-4357/ab4f7a},
	url = {https://iopscience.iop.org/article/10.3847/1538-4357/ab4f7a},
	author = {{The SunPy Community} and Barnes, Will T. and Bobra, Monica G. and Christe, Steven D. and Freij, Nabil and Hayes, Laura A. and Ireland, Jack and Mumford, Stuart and Perez-Suarez, David and Ryan, Daniel F. and Shih, Albert Y. and Chanda, Prateek and Glogowski, Kolja and Hewett, Russell and Hughitt, V. Keith and Hill, Andrew and Hiware, Kaustubh and Inglis, Andrew and Kirk, Michael S. F. and Konge, Sudarshan and Mason, James Paul and Maloney, Shane Anthony and Murray, Sophie A. and Panda, Asish and Park, Jongyeob and Pereira, Tiago M. D. and Reardon, Kevin and Savage, Sabrina and Sipőcz, Brigitta M. and Stansby, David and Jain, Yash and Taylor, Garrison and Yadav, Tannmay and Rajul, and Dang, Trung Kien},
	title = {The SunPy Project: Open Source Development and Status of the Version 1.0 Core Package},
	journal = {The Astrophysical Journal},
	volume = {890},
	issue = {1},
	pages = {68-},
	publisher = {American Astronomical Society},
	year = {2020}
}
