%% This BibTeX bibliography file was created using BibDesk.
%% http://bibdesk.sourceforge.net/

%% Created for 子贡 徐 at 2016-09-14 16:41:07 +0800 


%% Saved with string encoding Unicode (UTF-8) 
%————————————
%(1)-lichuan
@article{Li2009solar,
  title={Solar source of energetic particles in interplanetary space during the 2006 December 13 event},
  author={Li, C and Dai, Y and Vial, J-C and Owen, CJ and Matthews, SA and Tang, YH and Fang, C and Fazakerley, AN},
  journal={Astronomy \& Astrophysics},
  volume={503},
  number={3},
  pages={1013--1021},
  year={2009},
  publisher={EDP Sciences}
}


@article{Li2015proton,
  title={Proton activity of the Sun in current solar cycle 24Supported by the National Natural Science Foundation of China.},
  author={Li, Chuan and Miroshnichenko, Leonty I and Fang, Cheng},
  journal={Research in Astronomy and Astrophysics},
  volume={15},
  number={7},
  pages={1036},
  year={2015},
  publisher={IOP Publishing}
}

@article{li2010major,
  title={Major electron events and coronal magnetic configurations of the related solar active regions},
  author={Li, C and Owen, CJ and Matthews, SA and Dai, Y and Tang, YH},
  journal={The Astrophysical Journal Letters},
  volume={720},
  number={1},
  pages={L36},
  year={2010},
  publisher={IOP Publishing}
}
@article{li2011coronal,
  title={Coronal jets, magnetic topologies, and the production of interplanetary electron streams},
  author={Li, C and Matthews, SA and van Driel-Gesztelyi, L and Sun, J and Owen, CJ},
  journal={The Astrophysical Journal},
  volume={735},
  number={1},
  pages={43},
  year={2011},
  publisher={IOP Publishing}
}
%————————————

@ARTICLE{Petrosian2016ApJ,
   author = {{Petrosian}, V.},
    title = "{Particle Acceleration in Solar Flares and Associated CME Shocks}",
  journal = {\apj},
archivePrefix = "arXiv",
   eprint = {1605.04022},
 primaryClass = "astro-ph.SR",
 keywords = {acceleration of particles, shock waves, Sun: flares, Sun: particle emission, Sun: X-rays, gamma-rays, turbulence },
     year = 2016,
    month = oct,
   volume = 830,
      eid = {28},
    pages = {28},
      doi = {10.3847/0004-637X/830/1/28},
   adsurl = {http://adsabs.harvard.edu/abs/2016ApJ...830...28P},
  adsnote = {Provided by the SAO/NASA Astrophysics Data System}
}
%—————————
%  density model of radio burst
@article{smerd1975split,
  title={Split-band structure in type II radio bursts from the Sun},
  author={Smerd, SF and Sheridan, KV and Stewart, RT},
  journal={Astrophysical Letters},
  volume={16},
  pages={23--28},
  year={1975}
}

@incollection{smerd1974split,
  title={On split-band structure in type II radio bursts from the Sun},
  author={Smerd, SF and Sheridan, KV and Stewart, RT},
  booktitle={Coronal Disturbances},
  pages={389--393},
  year={1974},
  publisher={Springer}
}
%—————————
%wanglinghua
@ARTICLE{Wang2016AA,
   author = {{Wang}, L. and {Krucker}, S. and {Mason}, G.~M. and {Lin}, R.~P. and 
	{Li}, G.},
    title = "{The injection of ten electron/$^{3}$He-rich SEP events}",
  journal = {\aap},
archivePrefix = "arXiv",
   eprint = {1605.07882},
 primaryClass = "astro-ph.SR",
 keywords = {Sun: coronal mass ejections, Sun: particle emission, Sun: radio, radiation, Sun: flares},
     year = 2016,
    month = jan,
   volume = 585,
      eid = {A119},
    pages = {A119},
      doi = {10.1051/0004-6361/201527270},
     adsnote = {Provided by the SAO/NASA Astrophysics Data System}
}

%  spectra of shocks
@article{blandford1978particle,
  title={Particle acceleration by astrophysical shocks},
  author={Blandford, Roger D and Ostriker, James P},
  journal={The Astrophysical Journal},
  volume={221},
  pages={L29--L32},
  year={1978}
}

@article{ellison1985shock,
  title={Shock acceleration of electrons and ions in solar flares},
  author={Ellison, Donald C and Ramaty, Reuven},
  journal={The Astrophysical Journal},
  volume={298},
  pages={400--408},
  year={1985}
}

@inproceedings{miller1987stochastic,
  title={Stochastic acceleration in the transrelativistic region and pion production in solar flares},
  author={Miller, James A and Murphy, R and Ramaty, R},
  booktitle={International Cosmic Ray Conference},
  volume={3},
  pages={33},
  year={1987}
}




%—————————
% electron acceleration   ——— (3)
@article{martens1988generation,
  title={The generation of proton beams in two-ribbon flares},
  author={Martens, PCH},
  journal={The Astrophysical Journal},
  volume={330},
  pages={L131--L133},
  year={1988}
}

@article{martens1990neutral,
  title={Neutral beams in two-ribbon flares and in the geomagnetic tail},
  author={Martens, PCH and Young, A},
  journal={The Astrophysical Journal Supplement Series},
  volume={73},
  pages={333--342},
  year={1990}
}

@article{litvinenko1996particle,
  title={Particle acceleration in reconnecting current sheets with a nonzero magnetic field},
  author={Litvinenko, Yuri E},
  journal={The Astrophysical Journal},
  volume={462},
  pages={997},
  year={1996}
}
%—————————
%——others
@article{krucker2007solar,
  title={Solar flare electron spectra at the Sun and near the Earth},
  author={Krucker, S{\"A}M and Kontar, EP and Christe, S and Lin, RP},
  journal={The Astrophysical Journal Letters},
  volume={663},
  number={2},
  pages={L109},
  year={2007},
  publisher={IOP Publishing}
}

@article{kallenrode2003current,
  title={Current views on impulsive and gradual solar energetic particle events},
  author={Kallenrode, MB},
  journal={Journal of Physics G: Nuclear and Particle Physics},
  volume={29},
  number={5},
  pages={965},
  year={2003},
  publisher={IOP Publishing}
}

@article{reames2013two,
  title={The two sources of solar energetic particles},
  author={Reames, Donald V},
  journal={Space Science Reviews},
  volume={175},
  number={1-4},
  pages={53--92},
  year={2013},
  publisher={Springer}
}

@article{cliver2008history,
  title={History of research on solar energetic particle (SEP) events: the evolving paradigm},
  author={Cliver, Edward W},
  journal={Proceedings of the International Astronomical Union},
  volume={4},
  number={S257},
  pages={401--412},
  year={2008},
  publisher={Cambridge Univ Press}
}
%——————————
%introduction
@article{cane1986two,
  title={Two classes of solar energetic particle events associated with impulsive and long-duration soft X-ray flares},
  author={Cane, HV and McGuire, RE and Von Rosenvinge, TT},
  journal={The Astrophysical Journal},
  volume={301},
  pages={448--459},
  year={1986}
}
@article{kallenrode1992composition,
  title={Composition and azimuthal spread of solar energetic particles from impulsive and gradual flares},
  author={Kallenrode, M-B and Cliver, EW and Wibberenz, G},
  journal={The Astrophysical Journal},
  volume={391},
  pages={370--379},
  year={1992}
}

@article{reames1994energetic,
  title={Energetic-particle abundances in impulsive solar flare events},
  author={Reames, Do V and Meyer, JP and Von Rosenvinge, TT},
  journal={The Astrophysical Journal Supplement Series},
  volume={90},
  pages={649--667},
  year={1994}
}
@article{roth1997enrichment,
  title={Enrichment of 3He and heavy ions in impulsive solar flares},
  author={Roth, Ilan and Temerin, Michael},
  journal={The Astrophysical Journal},
  volume={477},
  number={2},
  pages={940},
  year={1997},
  publisher={IOP Publishing}
}
@article{miller1997electron,
  title={Electron acceleration in solar flares by fast mode waves: Quasi-linear theory and pitch-angle scattering},
  author={Miller, James A},
  journal={The Astrophysical Journal},
  volume={491},
  number={2},
  pages={939},
  year={1997},
  publisher={IOP Publishing}
}
@article{cane1991solar,
  title={Solar particle abundances at energies of greater than 1 MeV per nucleon and the role of interplanetary shocks},
  author={Cane, HV and Reames, DV and Von Rosenvinge, TT},
  journal={The Astrophysical Journal},
  volume={373},
  pages={675--682},
  year={1991}
}
@ARTICLE{Kahler2012SSRv,
   author = {{Kahler}, S.~W. and {Cliver}, E.~W. and {Tylka}, A.~J. and {Dietrich}, W.~F.
	},
    title = "{A Comparison of Ground Level Event e/p and Fe/O Ratios with Associated Solar Flare and CME Characteristics}",
  journal = {\ssr},
 keywords = {Acceleration of particles, Interplanetary medium, Sun: particle emission, Sun: radio radiation, Sun: coronal mass ejections},
     year = 2012,
    month = oct,
   volume = 171,
    pages = {121-139},
      doi = {10.1007/s11214-011-9768-x},
   adsurl = {http://adsabs.harvard.edu/abs/2012SSRv..171..121K},
  adsnote = {Provided by the SAO/NASA Astrophysics Data System}
}

@article{kahler1986solar,
  title={Solar filament eruptions and energetic particle events},
  author={Kahler, SW and Cliver, EW and Cane, HV and McGuire, RE and Stone, RG and Sheeley Jr, NR},
  journal={The Astrophysical Journal},
  volume={302},
  pages={504--510},
  year={1986}
}

@article{droge1986particle,
  title={Particle acceleration in solar flares},
  author={Dr{\"o}ge, W and Schlickeiser, R},
  journal={The Astrophysical Journal},
  volume={305},
  pages={909--919},
  year={1986}
}

%———————————————————————
%—————observations
@inproceedings{lemen2011interface,
  title={The interface region imaging spectrograph (IRIS) NASA SMEX},
  author={Lemen, James and De Pontieu, B and Schrijver, C and Tarbell, T and Wuelser, J and Golub, L and Kankelborg, C and others},
  booktitle={Bulletin of the American Astronomical Society},
  volume={1},
  pages={1512},
  year={2011}
}
@book{pesnell2015solar,
  title={Solar Dynamics Observatory (SDO)},
  author={Pesnell, W Dean},
  year={2015},
  publisher={Springer}
}

@incollection{boerner2011initial,
  title={Initial calibration of the atmospheric imaging assembly (AIA) on the solar dynamics observatory (SDO)},
  author={Boerner, Paul and Edwards, Christopher and Lemen, James and Rausch, Adam and Schrijver, Carolus and Shine, Richard and Shing, Lawrence and Stern, Robert and Tarbell, Theodore and Wolfson, C Jacob and others},
  booktitle={The Solar Dynamics Observatory},
  pages={41--66},
  year={2011},
  publisher={Springer}
}


@incollection{torsti1995energetic,
  title={Energetic particle experiment ERNE},
  author={Torsti, J and Valtonen, E and Lumme, M and Peltonen, P and Eronen, T and Louhola, M and Riihonen, E and Schultz, G and Teittinen, M and Ahola, K and others},
  booktitle={The SOHO Mission},
  pages={505--531},
  year={1995},
  publisher={Springer}
}
@article{valtonen1997energetic,
  title={Energetic and relativistic nuclei and electron experiment of the SOHO mission},
  author={Valtonen, E and Peltonen, J and Peltonen, P and Eronen, T and Hoisko, E and Louhola, M and Lumme, M and Nieminen, A and Riihonen, E and Teittinen, M and others},
  journal={Nuclear Instruments and Methods in Physics Research Section A: Accelerators, Spectrometers, Detectors and Associated Equipment},
  volume={391},
  number={2},
  pages={249--268},
  year={1997},
  publisher={Elsevier}
}
@article{lin1995three,
  title={A three-dimensional plasma and energetic particle investigation for the Wind spacecraft},
  author={Lin, RP and Anderson, KA and Ashford, S and Carlson, C and Curtis, D and Ergun, R and Larson, D and McFadden, J and McCarthy, M and Parks, GK and others},
  journal={Space Science Reviews},
  volume={71},
  number={1-4},
  pages={125--153},
  year={1995},
  publisher={Springer}
}

@article{parker1958dynamics,
  title={Dynamics of the Interplanetary Gas and Magnetic Fields.},
  author={Parker, Eugene N},
  journal={The Astrophysical Journal},
  volume={128},
  pages={664},
  year={1958}
}
@article{aschwanden2012gev,
  title={GeV particle acceleration in solar flares and ground level enhancement (GLE) events},
  author={Aschwanden, Markus J},
  journal={Space science reviews},
  volume={171},
  number={1-4},
  pages={3--21},
  year={2012},
  publisher={Springer}
}
%——————————————————
% second version’s reference
%——————————
@ARTICLE{Forbush1946,
   author = {{Forbush}, S.~E.},
    title = "{Three Unusual Cosmic-Ray Increases Possibly Due to Charged Particles from the Sun}",
  journal = {Physical Review},
     year = 1946,
    month = nov,
   volume = 70,
    pages = {771-772},
      doi = {10.1103/PhysRev.70.771},
   adsurl = {http://adsabs.harvard.edu/abs/1946PhRv...70..771F},
  adsnote = {Provided by the SAO/NASA Astrophysics Data System}
}

@ARTICLE{Kallenrode2003,
   author = {{Kallenrode}, M.-B.},
    title = "{Current views on impulsive and gradual solar energetic particle events}",
  journal = {Journal of Physics G Nuclear Physics},
     year = 2003,
    month = may,
   volume = 29,
    pages = {965-981},
   adsurl = {http://adsabs.harvard.edu/abs/2003JPhG...29..965K},
  adsnote = {Provided by the SAO/NASA Astrophysics Data System}
}

@ARTICLE{Reames1999,
   author = {{Reames}, D.~V.},
    title = "{Particle acceleration at the Sun and in the heliosphere}",
  journal = {\ssr},
     year = 1999,
    month = oct,
   volume = 90,
    pages = {413-491},
      doi = {10.1023/A:1005105831781},
   adsurl = {http://adsabs.harvard.edu/abs/1999SSRv...90..413R},
  adsnote = {Provided by the SAO/NASA Astrophysics Data System}
}
@ARTICLE{Reames2013,
   author = {{Reames}, D.~V.},
    title = "{The Two Sources of Solar Energetic Particles}",
  journal = {\ssr},
archivePrefix = "arXiv",
   eprint = {1306.3608},
 primaryClass = "astro-ph.SR",
 keywords = {Solar energetic particles, Shock waves, Coronal mass ejections, Solar flares},
     year = 2013,
    month = jun,
   volume = 175,
    pages = {53-92},
      doi = {10.1007/s11214-013-9958-9},
   adsurl = {http://adsabs.harvard.edu/abs/2013SSRv..175...53R},
  adsnote = {Provided by the SAO/NASA Astrophysics Data System}
}

@ARTICLE{Aschwanden2012,
   author = {{Aschwanden}, M.~J.},
    title = "{GeV Particle Acceleration in Solar Flares and Ground Level Enhancement (GLE) Events}",
  journal = {\ssr},
archivePrefix = "arXiv",
   eprint = {1005.0029},
 primaryClass = "astro-ph.SR",
 keywords = {Solar flares, Particle acceleration, Ground level enhancements},
     year = 2012,
    month = oct,
   volume = 171,
    pages = {3-21},
      doi = {10.1007/s11214-011-9865-x},
   adsurl = {http://adsabs.harvard.edu/abs/2012SSRv..171....3A},
  adsnote = {Provided by the SAO/NASA Astrophysics Data System}
}

@ARTICLE{Gopalswamy2012,
   author = {{Gopalswamy}, N. and {Xie}, H. and {Yashiro}, S. and {Akiyama}, S. and 
	{M{\"a}kel{\"a}}, P. and {Usoskin}, I.~G.},
    title = "{Properties of Ground Level Enhancement Events and the Associated Solar Eruptions During Solar Cycle 23}",
  journal = {\ssr},
archivePrefix = "arXiv",
   eprint = {1205.0688},
 primaryClass = "astro-ph.SR",
 keywords = {CME, Solar flare, GLE, Shock, Radio bursts, SEP},
     year = 2012,
    month = oct,
   volume = 171,
    pages = {23-60},
      doi = {10.1007/s11214-012-9890-4},
   adsurl = {http://adsabs.harvard.edu/abs/2012SSRv..171...23G},
  adsnote = {Provided by the SAO/NASA Astrophysics Data System}
}


@ARTICLE{ Miroshnichenko2013,
   author = {{Miroshnichenko}, L.~I. and {Vashenyuk}, E.~V. and {P{\'e}rez-Peraza}, J.~A.
	},
    title = "{Solar cosmic rays: 70 years of ground-based observations}",
  journal = {Geomagnetism and Aeronomy},
     year = 2013,
    month = sep,
   volume = 53,
    pages = {541-560},
      doi = {10.1134/S0016793213050125},
   adsurl = {http://adsabs.harvard.edu/abs/2013Ge26Ae..53..541M},
  adsnote = {Provided by the SAO/NASA Astrophysics Data System}
}

@ARTICLE{ Reames2015,
   author = {{Reames}, D.~V.},
    title = "{What Are the Sources of Solar Energetic Particles? Element Abundances and Source Plasma Temperatures}",
  journal = {\ssr},
archivePrefix = "arXiv",
   eprint = {1510.03449},
 primaryClass = "astro-ph.SR",
 keywords = {Solar energetic particles, Shock waves, Coronal mass ejections, Solar flares, Solar system abundances},
     year = 2015,
    month = nov,
   volume = 194,
    pages = {303-327},
      doi = {10.1007/s11214-015-0210-7},
   adsurl = {http://adsabs.harvard.edu/abs/2015SSRv..194..303R},
  adsnote = {Provided by the SAO/NASA Astrophysics Data System}
}

@ARTICLE{Reames2009ApJ...706..844R,
   author = {{Reames}, D.~V.},
    title = "{Solar Energetic-Particle Release Times in Historic Ground-Level Events}",
  journal = {\apj},
 keywords = {acceleration of particles, shock waves, Sun: coronal mass ejections: CMEs, Sun: particle emission, Sun: radio radiation},
     year = 2009,
    month = nov,
   volume = 706,
    pages = {844-850},
      doi = {10.1088/0004-637X/706/1/844},
   adsurl = {http://adsabs.harvard.edu/abs/2009ApJ...706..844R},
  adsnote = {Provided by the SAO/NASA Astrophysics Data System}
}

@ARTICLE{Reames2009,
   author = {{Reames}, D.~V.},
    title = "{Solar Release Times of Energetic Particles in Ground-Level Events}",
  journal = {\apj},
 keywords = {acceleration of particles, shock waves, Sun: coronal mass ejections: CMEs, Sun: flares, Sun: particle emission, Sun: radio radiation},
     year = 2009,
    month = mar,
   volume = 693,
    pages = {812-821},
      doi = {10.1088/0004-637X/693/1/812},
   adsurl = {http://adsabs.harvard.edu/abs/2009ApJ...693..812R},
  adsnote = {Provided by the SAO/NASA Astrophysics Data System}
}
@ARTICLE{2015ApJ...806..252W,
   author = {{Wang}, Y. and {Qin}, G.},
    title = "{Simulations of the Spatial and Temporal Invariance in the Spectra of Gradual Solar Energetic Particle Events}",
  journal = {\apj},
archivePrefix = "arXiv",
   eprint = {1501.02956},
 primaryClass = "astro-ph.SR",
 keywords = {Sun: activity, Sun: coronal mass ejections: CMEs, Sun: particle emission},
     year = 2015,
    month = jun,
   volume = 806,
      eid = {252},
    pages = {252},
 abstract = "{The spatial and temporal invariance in the spectra of energetic
particles in gradual solar events is reproduced in simulations. Based on
a numerical solution of the focused transport equation, we obtain the
intensity time profiles of solar energetic particles (SEPs) accelerated
by an interplanetary shock in three-dimensional interplanetary space.
The shock is treated as a moving source of energetic particles with a
distribution function. The time profiles of particle fluxes with
different energies are calculated in the ecliptic at 1 AU. According to
our model, we find that shock acceleration strength, parallel diffusion,
and adiabatic cooling are the main factors in forming the spatial
invariance in SEP spectra, and perpendicular diffusion is a secondary
factor. In addition, the temporal invariance in SEP spectra is mainly
due to the effects of adiabatic cooling. Furthermore, a spectra
invariant region, which agrees with observations but is different from
the one suggested by Reames et al. is proposed based on our simulations.
}",
      doi = {10.1088/0004-637X/806/2/252},
   adsurl = {http://adsabs.harvard.edu/abs/2015ApJ...806..252W},
  adsnote = {Provided by the SAO/NASA Astrophysics Data System}
}

@ARTICLE{2015WangandQin,
   author = {{Wang}, Y. and {Qin}, G.},
    title = "{Estimation of the Release Time of Solar Energetic Particles near the Sun}",
  journal = {\apj},
archivePrefix = "arXiv",
   eprint = {1311.7469},
 primaryClass = "astro-ph.SR",
 keywords = {Sun: activity, Sun: coronal mass ejections: CMEs, Sun: flare, Sun: magnetic fields, Sun: particle emission },
     year = 2015,
    month = jan,
   volume = 799,
      eid = {111},
    pages = {111},
 abstract = "{This paper investigates the onset time of solar energetic particle (SEP)
events with numerical simulations and analyzes the accuracy of the
velocity dispersion analysis (VDA) method. Using a three-dimensional
focused transport model, we calculate the fluxes of protons observed in
the ecliptic at 1 AU in the energy range between 10 MeV and 80 MeV. In
particular, three models are used to describe different SEP sources
produced by flare or coronal shock, and the effects of particle
perpendicular diffusion in the interplanetary space are also studied. We
have the following findings. When the observer is disconnected from the
source, the effects of perpendicular diffusion in the interplanetary
space and particles propagating in the solar atmosphere have a
significant influence on the VDA results. As a result, although the VDA
method is valid with impulsive source duration, low background, and weak
scattering in the interplanetary space or fast diffusion in the solar
atmosphere, the method is not valid with gradual source duration, high
background, or strong scattering.
}",
      doi = {10.1088/0004-637X/799/1/111},
   adsurl = {http://adsabs.harvard.edu/abs/2015ApJ...799..111W},
  adsnote = {Provided by the SAO/NASA Astrophysics Data System}
}

@ARTICLE{Li2016,
   author = {{Li}, C. and {Miroshnichenko}, L.~I. and {Sdobnov}, V.~E.},
    title = "{Small Ground-Level Enhancement of 6 January 2014: Acceleration by CME-Driven Shock?}",
  journal = {\solphys},
 keywords = {Energetic particles, Flares, Coronal mass ejections},
     year = 2016,
    month = mar,
   volume = 291,
    pages = {975-987},
      doi = {10.1007/s11207-016-0871-8},
   adsurl = {http://adsabs.harvard.edu/abs/2016SoPh..291..975L},
  adsnote = {Provided by the SAO/NASA Astrophysics Data System}
}

@ARTICLE{Ding2016ApJ,
   author = {{Ding}, L.-G. and {Jiang}, Y. and {Li}, G.},
    title = "{Are There Two Distinct Solar Energetic Particle Releases in the 2012 May 17 Ground Level Enhancement Event?}",
  journal = {\apj},
 keywords = {Sun: coronal mass ejections: CMEs, Sun: flares, Sun: particle emission},
     year = 2016,
    month = feb,
   volume = 818,
      eid = {169},
    pages = {169},
      doi = {10.3847/0004-637X/818/2/169},
   adsurl = {http://adsabs.harvard.edu/abs/2016ApJ...818..169D},
  adsnote = {Provided by the SAO/NASA Astrophysics Data System}
}
@ARTICLE{Ding2016RAA,
   author = {{Ding}, L.-G. and {Cao}, X.-X. and {Wang}, Z.-W. and {Le}, G.-M.
	},
    title = "{Large solar energetic particle event that occurred on 2012 March 7 and its VDA analysis}",
  journal = {Research in Astronomy and Astrophysics},
archivePrefix = "arXiv",
   eprint = {1604.05303},
 primaryClass = "astro-ph.SR",
     year = 2016,
    month = aug,
   volume = 16,
   number = 8,
      eid = {005},
    pages = {005},
      doi = {10.1088/1674-4527/16/8/122},
   adsurl = {http://adsabs.harvard.edu/abs/2016RAA....16h...5D},
  adsnote = {Provided by the SAO/NASA Astrophysics Data System}
}

@ARTICLE{Qin2004ApJ,
   author = {{Qin}, G. and {Zhang}, M. and {Dwyer}, J.~R. and {Rassoul}, H.~K.
	},
    title = "{Interplanetary Transport Mechanisms of Solar Energetic Particles}",
  journal = {\apj},
 keywords = {Interplanetary Medium, Magnetohydrodynamics: MHD, Sun: Solar Wind, Sun: Particle Emission},
     year = 2004,
    month = jul,
   volume = 609,
    pages = {1076-1081},
      doi = {10.1086/421101},
   adsurl = {http://adsabs.harvard.edu/abs/2004ApJ...609.1076Q},
  adsnote = {Provided by the SAO/NASA Astrophysics Data System}
}

@ARTICLE{Giacalone2012ApJ,
   author = {{Giacalone}, J. and {Jokipii}, J.~R.},
    title = "{The Longitudinal Transport of Energetic Ions from Impulsive Solar Flares in Interplanetary Space}",
  journal = {\apjl},
 keywords = {diffusion, scattering, Sun: flares, Sun: heliosphere },
     year = 2012,
    month = jun,
   volume = 751,
      eid = {L33},
    pages = {L33},
      doi = {10.1088/2041-8205/751/2/L33},
   adsurl = {http://adsabs.harvard.edu/abs/2012ApJ...751L..33G},
  adsnote = {Provided by the SAO/NASA Astrophysics Data System}
}

@ARTICLE{Drake2013ApJ,
   author = {{Drake}, J.~F. and {Swisdak}, M. and {Fermo}, R.},
    title = "{The Power-law Spectra of Energetic Particles during Multi-island Magnetic Reconnection}",
  journal = {\apjl},
archivePrefix = "arXiv",
   eprint = {1210.4830},
 primaryClass = "astro-ph.SR",
 keywords = {acceleration of particles, magnetic reconnection, solar wind, Sun: corona, Sun: flares, Sun: heliosphere},
     year = 2013,
    month = jan,
   volume = 763,
      eid = {L5},
    pages = {L5},
      doi = {10.1088/2041-8205/763/1/L5},
   adsurl = {http://adsabs.harvard.edu/abs/2013ApJ...763L...5D},
  adsnote = {Provided by the SAO/NASA Astrophysics Data System}
}

@ARTICLE{Guo2014PhRvL,
   author = {{Guo}, F. and {Li}, H. and {Daughton}, W. and {Liu}, Y.-H.},
    title = "{Formation of Hard Power Laws in the Energetic Particle Spectra Resulting from Relativistic Magnetic Reconnection}",
  journal = {Physical Review Letters},
archivePrefix = "arXiv",
   eprint = {1405.4040},
 primaryClass = "astro-ph.HE",
 keywords = {Relativistic plasmas, Magnetic reconnection, Active and peculiar galaxies and related systems, gamma-ray sources, gamma-ray bursts},
     year = 2014,
    month = oct,
   volume = 113,
   number = 15,
      eid = {155005},
    pages = {155005},
      doi = {10.1103/PhysRevLett.113.155005},
   adsurl = {http://adsabs.harvard.edu/abs/2014PhRvL.113o5005G},
  adsnote = {Provided by the SAO/NASA Astrophysics Data System}
}
@ARTICLE{1985ICRC....4....6E,
   author = {{Ellison}, D.~C. and {Ramaty}, R.},
    title = "{First-order shock acceleration in solar flares}",
  journal = {International Cosmic Ray Conference},
 keywords = {Astronomical Models, Fermi-Dirac Statistics, Particle Acceleration, Shock Wave Propagation, Solar Flares, Particle Diffusion, Particle Energy},
     year = 1985,
    month = aug,
   volume = 4,
   adsurl = {http://adsabs.harvard.edu/abs/1985ICRC....4....6E},
  adsnote = {Provided by the SAO/NASA Astrophysics Data System}
}
@ARTICLE{Ellison_and_Ramaty1985ApJ,
   author = {{Ellison}, D.~C. and {Ramaty}, R.},
    title = "{Shock acceleration of electrons and ions in solar flares}",
  journal = {\apj},
 keywords = {Electron Acceleration, Particle Acceleration, Shock Waves, Solar Electrons, Solar Flares, Solar Protons, Alpha Particles, Electron Energy, Protons, Solar Spectra},
     year = 1985,
    month = nov,
   volume = 298,
    pages = {400-408},
      doi = {10.1086/163623},
   adsurl = {http://adsabs.harvard.edu/abs/1985ApJ...298..400E},
  adsnote = {Provided by the SAO/NASA Astrophysics Data System}
}
@ARTICLE{Zank2000JGR,
   author = {{Zank}, G.~P. and {Rice}, W.~K.~M. and {Wu}, C.~C.},
    title = "{Particle acceleration and coronal mass ejection driven shocks: A theoretical model}",
  journal = {\jgr},
 keywords = {Solar Physics, Astrophysics, and Astronomy: Coronal mass ejections, and Astronomy: Energetic particles, Space Plasma Physics: Charged particle motion and acceleration, Space Plasma Physics: Shock waves},
     year = 2000,
    month = nov,
   volume = 105,
    pages = {25079-25096},
      doi = {10.1029/1999JA000455},
   adsurl = {http://adsabs.harvard.edu/abs/2000JGR...10525079Z},
  adsnote = {Provided by the SAO/NASA Astrophysics Data System}
}
@ARTICLE{Giacalone2015ApJ,
   author = {{Giacalone}, J.},
    title = "{Diffusive Shock Acceleration of High-energy Charged Particles at Fast Interplanetary Shocks: A Parameter Survey}",
  journal = {\apj},
 keywords = {acceleration of particles, shock waves, Sun: coronal mass ejections: CMEs},
     year = 2015,
    month = jan,
   volume = 799,
      eid = {80},
    pages = {80},
      doi = {10.1088/0004-637X/799/1/80},
   adsurl = {http://adsabs.harvard.edu/abs/2015ApJ...799...80G},
  adsnote = {Provided by the SAO/NASA Astrophysics Data System}
}

@ARTICLE{Krucker2007ApJ,
   author = {{Krucker}, S. and {Kontar}, E.~P. and {Christe}, S. and {Lin}, R.~P.
	},
    title = "{Solar Flare Electron Spectra at the Sun and near the Earth}",
  journal = {\apjl},
 keywords = {Sun: Flares, Sun: Particle Emission, Sun: X-Rays, Gamma Rays},
     year = 2007,
    month = jul,
   volume = 663,
    pages = {L109-L112},
      doi = {10.1086/519373},
   adsurl = {http://adsabs.harvard.edu/abs/2007ApJ...663L.109K},
  adsnote = {Provided by the SAO/NASA Astrophysics Data System}
}
@ARTICLE{Lin1995SSRv,
   author = {{Lin}, R.~P. and {Anderson}, K.~A. and {Ashford}, S. and {Carlson}, C. and 
	{Curtis}, D. and {Ergun}, R. and {Larson}, D. and {McFadden}, J. and 
	{McCarthy}, M. and {Parks}, G.~K. and {R{\`e}me}, H. and {Bosqued}, J.~M. and 
	{Coutelier}, J. and {Cotin}, F. and {D'Uston}, C. and {Wenzel}, K.-P. and 
	{Sanderson}, T.~R. and {Henrion}, J. and {Ronnet}, J.~C. and 
	{Paschmann}, G.},
    title = "{A Three-Dimensional Plasma and Energetic Particle Investigation for the Wind Spacecraft}",
  journal = {\ssr},
     year = 1995,
    month = feb,
   volume = 71,
    pages = {125-153},
      doi = {10.1007/BF00751328},
   adsurl = {http://adsabs.harvard.edu/abs/1995SSRv...71..125L},
  adsnote = {Provided by the SAO/NASA Astrophysics Data System}
}

@ARTICLE{Gold1998SSRv,
   author = {{Gold}, R.~E. and {Krimigis}, S.~M. and {Hawkins}, III, S.~E. and 
	{Haggerty}, D.~K. and {Lohr}, D.~A. and {Fiore}, E. and {Armstrong}, T.~P. and 
	{Holland}, G. and {Lanzerotti}, L.~J.},
    title = "{Electron, Proton, and Alpha Monitor on the Advanced Composition Explorer spacecraft}",
  journal = {\ssr},
     year = 1998,
    month = jul,
   volume = 86,
    pages = {541-562},
      doi = {10.1023/A:1005088115759},
   adsurl = {http://adsabs.harvard.edu/abs/1998SSRv...86..541G},
  adsnote = {Provided by the SAO/NASA Astrophysics Data System}
}
@ARTICLE{TorstiAndValtonen1995SoPh,
   author = {{Torsti}, J. and {Valtonen}, E. and {Lumme}, M. and {Peltonen}, P. and 
	{Eronen}, T. and {Louhola}, M. and {Riihonen}, E. and {Schultz}, G. and 
	{Teittinen}, M. and {Ahola}, K. and {Holmlund}, C. and {Kelh{\"a}}, V. and 
	{Lepp{\"a}l{\"a}}, K. and {Ruuska}, P. and {Str{\"o}mmer}, E.
	},
    title = "{Energetic Particle Experiment ERNE}",
  journal = {\solphys},
 keywords = {solar physics, cosmic rays, solar flares, coronal mass ejections},
     year = 1995,
    month = dec,
   volume = 162,
    pages = {505-531},
      doi = {10.1007/BF00733438},
   adsurl = {http://adsabs.harvard.edu/abs/1995SoPh..162..505T},
  adsnote = {Provided by the SAO/NASA Astrophysics Data System}
}
@ARTICLE{Krucker1999ApJ,
   author = {{Krucker}, S. and {Larson}, D.~E. and {Lin}, R.~P. and {Thompson}, B.~J.
	},
    title = "{On the Origin of Impulsive Electron Events Observed at 1 AU}",
  journal = {\apj},
 keywords = {SUN: FLARES, SUN: PARTICLE EMISSION, SUN: RADIO RADIATION, SUN: X-RAYS, GAMMA RAYS, Sun: Flares, Sun: Particle Emission, Sun: Radio Radiation, Sun: X-Rays, Gamma Rays},
     year = 1999,
    month = jul,
   volume = 519,
    pages = {864-875},
      doi = {10.1086/307415},
   adsurl = {http://adsabs.harvard.edu/abs/1999ApJ...519..864K},
  adsnote = {Provided by the SAO/NASA Astrophysics Data System}
}

@INPROCEEDINGS{Wang2005ESASP,
   author = {{Wang}, L. and {Lin}, R.~P. and {Krucker}, S. and {Mason}, G.~M.
	},
    title = "{A Study of the Solar Injection for Eleven Impulsive Electron/3He-Rich Sep Events}",
booktitle = {Solar Wind 11/SOHO 16, Connecting Sun and Heliosphere},
     year = 2005,
   series = {ESA Special Publication},
   volume = 592,
   editor = {{Fleck}, B. and {Zurbuchen}, T.~H. and {Lacoste}, H.},
    month = sep,
    pages = {457},
   adsurl = {http://adsabs.harvard.edu/abs/2005ESASP.592..457W},
  adsnote = {Provided by the SAO/NASA Astrophysics Data System}
}

@ARTICLE{Li2013ApJ,
   author = {{Li}, C. and {Firoz}, K.~A. and {Sun}, L.~P. and {Miroshnichenko}, L.~I.
	},
    title = "{Electron and Proton Acceleration during the First Ground Level Enhancement Event of Solar Cycle 24}",
  journal = {\apj},
archivePrefix = "arXiv",
   eprint = {1305.5606},
 primaryClass = "astro-ph.SR",
 keywords = {acceleration of particles, magnetic fields, Sun: coronal mass ejections: CMEs, Sun: flares },
     year = 2013,
    month = jun,
   volume = 770,
      eid = {34},
    pages = {34},
      doi = {10.1088/0004-637X/770/1/34},
   adsurl = {http://adsabs.harvard.edu/abs/2013ApJ...770...34L},
  adsnote = {Provided by the SAO/NASA Astrophysics Data System}
}

@ARTICLE{LiG2005JGR,
   author = {{Li}, G. and {Zank}, G.~P. and {Rice}, W.~K.~M.},
    title = "{Acceleration and transport of heavy ions at coronal mass ejection-driven shocks}",
  journal = {Journal of Geophysical Research (Space Physics)},
 keywords = {Interplanetary Physics: Energetic particles (7514), Interplanetary Physics: Interplanetary shocks, Solar Physics, Astrophysics, and Astronomy: Coronal mass ejections (2101), Space Plasma Physics: Shock waves (4455), CME-driven shocks, particle acceleration, solar energetic particles, diffusive shock acceleration, coronal mass ejections (CMEs)},
     year = 2005,
    month = jun,
   volume = 110,
      eid = {A06104},
    pages = {A06104},
      doi = {10.1029/2004JA010600},
   adsurl = {http://adsabs.harvard.edu/abs/2005JGRA..110.6104L},
  adsnote = {Provided by the SAO/NASA Astrophysics Data System}
}
@ARTICLE{LiG2013ApJ,
   author = {{Li}, G. and {Kong}, X. and {Zank}, G. and {Chen}, Y.},
    title = "{On the Spectral Hardening at gsim300 keV in Solar Flares}",
  journal = {\apj},
archivePrefix = "arXiv",
   eprint = {1303.5917},
 primaryClass = "astro-ph.SR",
 keywords = {acceleration of particles, Sun: flares, Sun: particle emission, Sun: X-rays, gamma rays},
     year = 2013,
    month = may,
   volume = 769,
      eid = {22},
    pages = {22},
      doi = {10.1088/0004-637X/769/1/22},
   adsurl = {http://adsabs.harvard.edu/abs/2013ApJ...769...22L},
  adsnote = {Provided by the SAO/NASA Astrophysics Data System}
}

@article{chen2011coronal,
  title={Coronal mass ejections: models and their observational basis},
  author={Chen, PF},
  journal={Living Reviews in Solar Physics},
  volume={8},
  number={1},
  pages={1--92},
  year={2011},
  publisher={Springer}
}
@ARTICLE{chen2011ApJ...732L..20C,
   author = {{Chen}, P.~F. and {Wu}, Y.},
    title = "{First Evidence of Coexisting EIT Wave and Coronal Moreton Wave from SDO/AIA Observations}",
  journal = {\apjl},
archivePrefix = "arXiv",
   eprint = {1103.0871},
 primaryClass = "astro-ph.SR",
 keywords = {Sun: corona, Sun: coronal mass ejections: CMEs, waves},
     year = 2011,
    month = may,
   volume = 732,
      eid = {L20},
    pages = {L20},
      doi = {10.1088/2041-8205/732/2/L20},
   adsurl = {http://adsabs.harvard.edu/abs/2011ApJ...732L..20C},
  adsnote = {Provided by the SAO/NASA Astrophysics Data System}
}

@ARTICLE{Chen2006ApJ...641L.153C,
   author = {{Chen}, P.~F.},
    title = "{The Relation between EIT Waves and Solar Flares}",
  journal = {\apjl},
 keywords = {Sun: Corona, Sun: Coronal Mass Ejections (CMEs), Sun: Flares, Waves},
     year = 2006,
    month = apr,
   volume = 641,
    pages = {L153-L156},
      doi = {10.1086/503868},
   adsurl = {http://adsabs.harvard.edu/abs/2006ApJ...641L.153C},
  adsnote = {Provided by the SAO/NASA Astrophysics Data System}
}
@ARTICLE{Chen2005ApJ...622.1202C,
   author = {{Chen}, P.~F. and {Fang}, C. and {Shibata}, K.},
    title = "{A Full View of EIT Waves}",
  journal = {\apj},
 keywords = {Sun: Activity, Sun: Corona, Sun: Magnetic Fields, Waves},
     year = 2005,
    month = apr,
   volume = 622,
    pages = {1202-1210},
      doi = {10.1086/428084},
   adsurl = {http://adsabs.harvard.edu/abs/2005ApJ...622.1202C},
  adsnote = {Provided by the SAO/NASA Astrophysics Data System}
}
@ARTICLE{Chen2011LRSP,
   author = {{Chen}, P.~F.},
    title = "{Coronal Mass Ejections: Models and Their Observational Basis}",
  journal = {Living Reviews in Solar Physics},
 keywords = {Magnetic field, Magnetic reconnection, Solar activity, Coronal mass ejections (CMEs), Models},
     year = 2011,
    month = dec,
   volume = 8,
      eid = {#1},
    pages = {#1},
      doi = {10.12942/lrsp-2011-1},
   adsurl = {http://adsabs.harvard.edu/abs/2011LRSP....8....1C},
  adsnote = {Provided by the SAO/NASA Astrophysics Data System}
}
@ARTICLE{Torsti1999ApJ,
   author = {{Torsti}, J. and {Kocharov}, L.~G. and {Teittinen}, M. and {Thompson}, B.~J.
	},
    title = "{Injection of$\gt$\~{}10 MeV Protons in Association with a Coronal Moreton Wave}",
  journal = {\apj},
 keywords = {INTERPLANETARY MEDIUM, SUN: CORONA, SUN: PARTICLE EMISSION, WAVES, Interplanetary Medium, Sun: Corona, Sun: Particle Emission, Waves},
     year = 1999,
    month = jan,
   volume = 510,
    pages = {460-465},
      doi = {10.1086/306581},
   adsurl = {http://adsabs.harvard.edu/abs/1999ApJ...510..460T},
  adsnote = {Provided by the SAO/NASA Astrophysics Data System}
}

@ARTICLE{Brown1971SoPh,
   author = {{Brown}, J.~C.},
    title = "{The Deduction of Energy Spectra of Non-Thermal Electrons in Flares from the Observed Dynamic Spectra of Hard X-Ray Bursts}",
  journal = {\solphys},
     year = 1971,
    month = jul,
   volume = 18,
    pages = {489-502},
      doi = {10.1007/BF00149070},
   adsurl = {http://adsabs.harvard.edu/abs/1971SoPh...18..489B},
  adsnote = {Provided by the SAO/NASA Astrophysics Data System}
}

@ARTICLE{Hudson1978SoPh,
   author = {{Hudson}, H.~S. and {Canfield}, R.~C. and {Kane}, S.~R.},
    title = "{Indirect estimation of energy deposition by non-thermal electrons in solar flares}",
  journal = {\solphys},
 keywords = {Energy Absorption, Far Ultraviolet Radiation, Microwave Emission, Solar Electrons, Solar Flares, Solar X-Rays, Electron Energy, Numerical Analysis, Solar Radio Emission, Sudden Ionospheric Disturbances},
     year = 1978,
    month = nov,
   volume = 60,
    pages = {137-142},
      doi = {10.1007/BF00152338},
   adsurl = {http://adsabs.harvard.edu/abs/1978SoPh...60..137H},
  adsnote = {Provided by the SAO/NASA Astrophysics Data System}
}
@ARTICLE{Kahler1994ApJ,
   author = {{Kahler}, S.},
    title = "{Injection profiles of solar energetic particles as functions of coronal mass ejection heights}",
  journal = {\apj},
 keywords = {Coronas, Ejection, Energetic Particles, Height, Interplanetary Space, Ion Injection, Shock Waves, Solar Flares, Solar Wind, Sun, Coronagraphs, Goes Satellites, Polarimeters, Proton Flux Density, Solar Maximum Mission-A},
     year = 1994,
    month = jun,
   volume = 428,
    pages = {837-842},
      doi = {10.1086/174292},
   adsurl = {http://adsabs.harvard.edu/abs/1994ApJ...428..837K},
  adsnote = {Provided by the SAO/NASA Astrophysics Data System}
}
@ARTICLE{Cliver2004ApJ,
   author = {{Cliver}, E.~W. and {Kahler}, S.~W. and {Reames}, D.~V.},
    title = "{Coronal Shocks and Solar Energetic Proton Events}",
  journal = {\apj},
 keywords = {Shock Waves, Sun: Corona, Sun: Particle Emission, Sun: Radio Radiation},
     year = 2004,
    month = apr,
   volume = 605,
    pages = {902-910},
      doi = {10.1086/382651},
   adsurl = {http://adsabs.harvard.edu/abs/2004ApJ...605..902C},
  adsnote = {Provided by the SAO/NASA Astrophysics Data System}
}

@ARTICLE{Agueda2014A&A,
   author = {{Agueda}, N. and {Klein}, K.-L. and {Vilmer}, N. and {Rodr{\'{\i}}guez-Gas{\'e}n}, R. and 
	{Malandraki}, O.~E. and {Papaioannou}, A. and {Subir{\`a}}, M. and 
	{Sanahuja}, B. and {Valtonen}, E. and {Dr{\"o}ge}, W. and {Nindos}, A. and 
	{Heber}, B. and {Braune}, S. and {Usoskin}, I.~G. and {Heynderickx}, D. and 
	{Talew}, E. and {Vainio}, R.},
    title = "{Release timescales of solar energetic particles in the low corona}",
  journal = {\aap},
 keywords = {Sun: particle emission, Sun: flares, Sun: radio, radiation, Sun: coronal mass ejections (CMEs), interplanetary, medium},
     year = 2014,
    month = oct,
   volume = 570,
      eid = {A5},
    pages = {A5},
      doi = {10.1051/0004-6361/201423549},
   adsurl = {http://adsabs.harvard.edu/abs/2014A26A...570A...5A},
  adsnote = {Provided by the SAO/NASA Astrophysics Data System}
}

%—————
%—————added some reference when we revise the manuscript follow the referee’s comments
@ARTICLE{Desai&Diacalone2016LRSP,
   author = {{Desai}, M. and {Giacalone}, J.},
    title = "{Large gradual solar energetic particle events}",
  journal = {Living Reviews in Solar Physics},
 keywords = {Solar activity, Solar energetic particles, Coronal mass ejections, Shocks, Particle radiation, Space weather},
     year = 2016,
    month = dec,
   volume = 13,
      eid = {3},
    pages = {3},
      doi = {10.1007/s41116-016-0002-5},
   adsurl = {http://adsabs.harvard.edu/abs/2016LRSP...13....3D},
  adsnote = {Provided by the SAO/NASA Astrophysics Data System}
}
@ARTICLE{Malandraki2012SoPh,
   author = {{Malandraki}, O.~E. and {Agueda}, N. and {Papaioannou}, A. and 
	{Klein}, K.-L. and {Valtonen}, E. and {Heber}, B. and {Dr{\"o}ge}, W. and 
	{Aurass}, H. and {Nindos}, A. and {Vilmer}, N. and {Sanahuja}, B. and 
	{Kouloumvakos}, A. and {Braune}, S. and {Preka-Papadema}, P. and 
	{Tziotziou}, K. and {Hamadache}, C. and {Kiener}, J. and {Tatischeff}, V. and 
	{Riihonen}, E. and {Kartavykh}, Y. and {Rodr{\'{\i}}guez-Gas{\'e}n}, R. and 
	{Vainio}, R.},
    title = "{Scientific Analysis within SEPServer - New Perspectives in Solar Energetic Particle Research: The Case Study of the 13 July 2005 Event}",
  journal = {\solphys},
 keywords = {Solar energetic particles, Coronal mass ejections, Interplanetary propagation, Monte Carlo simulation, Radio signatures},
     year = 2012,
    month = nov,
   volume = 281,
    pages = {333-352},
      doi = {10.1007/s11207-012-0164-9},
   adsurl = {http://adsabs.harvard.edu/abs/2012SoPh..281..333M},
  adsnote = {Provided by the SAO/NASA Astrophysics Data System}
}

@ARTICLE{Tan2011ApJ...728..133T,
   author = {{Tan}, L.~C. and {Reames}, D.~V. and {Ng}, C.~K. and {Shao}, X. and 
	{Wang}, L.},
    title = "{What Causes Scatter-free Transport of Non-relativistic Solar Electrons?}",
  journal = {\apj},
 keywords = {acceleration of particles, magnetohydrodynamics: MHD, Sun: coronal mass ejections: CMEs, Sun: heliosphere, Sun: particle emission},
     year = 2011,
    month = feb,
   volume = 728,
      eid = {133},
    pages = {133},
      doi = {10.1088/0004-637X/728/2/133},
   adsurl = {http://adsabs.harvard.edu/abs/2011ApJ...728..133T},
  adsnote = {Provided by the SAO/NASA Astrophysics Data System}
}

@ARTICLE{Tan2012ApJ...750..146T,
   author = {{Tan}, L.~C. and {Malandraki}, O.~E. and {Reames}, D.~V. and 
	{Ng}, C.~K. and {Wang}, L. and {Dorrian}, G.},
    title = "{Use of Incident and Reflected Solar Particle Beams to Trace the Topology of Magnetic Clouds}",
  journal = {\apj},
 keywords = {Sun: coronal mass ejections: CMEs, Sun: heliosphere, Sun: magnetic topology, Sun: particle emission},
     year = 2012,
    month = may,
   volume = 750,
      eid = {146},
    pages = {146},
      doi = {10.1088/0004-637X/750/2/146},
   adsurl = {http://adsabs.harvard.edu/abs/2012ApJ...750..146T},
  adsnote = {Provided by the SAO/NASA Astrophysics Data System}
}

@ARTICLE{Malandraki2009ApJ...704..469M,
   author = {{Malandraki}, O.~E. and {Marsden}, R.~G. and {Lario}, D. and 
	{Tranquille}, C. and {Heber}, B. and {Mewaldt}, R.~A. and {Cohen}, C.~M.~S. and 
	{Lanzerotti}, L.~J. and {Forsyth}, R.~J. and {Elliott}, H.~A. and 
	{Vogiatzis}, I.~I. and {Geranios}, A.},
    title = "{Energetic Particle Observations and Propagation in the Three-dimensional Heliosphere During the 2006 December Events}",
  journal = {\apj},
 keywords = {Sun: coronal mass ejections: CMEs, Sun: flares, Sun: magnetic fields, Sun: particle emission, solar wind},
     year = 2009,
    month = oct,
   volume = 704,
    pages = {469-476},
      doi = {10.1088/0004-637X/704/1/469},
   adsurl = {http://adsabs.harvard.edu/abs/2009ApJ...704..469M},
  adsnote = {Provided by the SAO/NASA Astrophysics Data System}
}

@ARTICLE{Rouillard2012ApJ...752...44R,
   author = {{Rouillard}, A.~P. and {Sheeley}, N.~R. and {Tylka}, A. and 
	{Vourlidas}, A. and {Ng}, C.~K. and {Rakowski}, C. and {Cohen}, C.~M.~S. and 
	{Mewaldt}, R.~A. and {Mason}, G.~M. and {Reames}, D. and {Savani}, N.~P. and 
	{StCyr}, O.~C. and {Szabo}, A.},
    title = "{The Longitudinal Properties of a Solar Energetic Particle Event Investigated Using Modern Solar Imaging}",
  journal = {\apj},
 keywords = {acceleration of particles, shock waves, Sun: coronal mass ejections: CMEs, Sun: radio radiation},
     year = 2012,
    month = jun,
   volume = 752,
      eid = {44},
    pages = {44},
      doi = {10.1088/0004-637X/752/1/44},
   adsurl = {http://adsabs.harvard.edu/abs/2012ApJ...752...44R},
  adsnote = {Provided by the SAO/NASA Astrophysics Data System}
}



@ARTICLE{Zhang2001temporal,
   author = {{Zhang}, J. and {Dere}, K.~P. and {Howard}, R.~A. and {Kundu}, M.~R. and 
	{White}, S.~M.},
    title = "{On the Temporal Relationship between Coronal Mass Ejections and Flares}",
  journal = {\apj},
 keywords = {Sun: Corona, Sun: coronal mass ejections (CMEs), Sun: Flares},
     year = 2001,
    month = sep,
   volume = 559,
    pages = {452-462},
      doi = {10.1086/322405},
   adsurl = {http://adsabs.harvard.edu/abs/2001ApJ...559..452Z},
  adsnote = {Provided by the SAO/NASA Astrophysics Data System}
}


％2018.5.15  reference of master paper

@article{lange1942note,
  title={Note on the Effect on Cosmic-Ray Intensity of the Magnetic Storm of March 1, 1942},
  author={Lange, Isabelle and Forbush, Scott E},
  journal={Journal of Geophysical Research},
  volume={47},
  number={2},
  pages={185--186},
  year={1942},
  publisher={Wiley Online Library}
}

@article{forbush1942further,
  title={Further note on the effect on cosmic-ray intensity of the magnetic storm of March 1},
  author={Forbush, SE and Lange, Isabelle},
  journal={Terr. Magn. Atmos. Electr},
  volume={47},
  pages={331--334},
  year={1942}
}
%根本找不到原文章，这片文章是哪来的？Cliver 2008
@article{smart1989solar,
  title={Solar proton events during the past three solar cycles},
  author={Smart, DF and Shea, MA},
  journal={Journal of Spacecraft and Rockets},
  volume={26},
  number={6},
  pages={403--415},
  year={1989}
}

@article{meyer1956solar,
  title={Solar cosmic rays of February, 1956 and their propagation through interplanetary space},
  author={Meyer, Parker and Parker, EN and Simpson, JA},
  journal={Physical Review},
  volume={104},
  number={3},
  pages={768},
  year={1956},
  publisher={APS}
}

@article{wild1963solar,
  title={Solar bursts},
  author={Wild, JP and Smerd, SF and Weiss, AA},
  journal={Annual Review of Astronomy and Astrophysics},
  volume={1},
  number={1},
  pages={291--366},
  year={1963},
  publisher={Annual Reviews 4139 El Camino Way, PO Box 10139, Palo Alto, CA 94303-0139, USA}
}

@article{kahler1978prompt,
  title={Prompt solar proton events and coronal mass ejections},
  author={Kahler, SW and Hildner, E and Van Hollebeke, MAI},
  journal={Solar Physics},
  volume={57},
  number={2},
  pages={429--443},
  year={1978},
  publisher={Springer}
}

@article{kahler1984associations,
  title={Associations between coronal mass ejections and solar energetic proton events},
  author={Kahler, SW and Sheeley, NR and Howard, RA and Koomen, MJ and Michels, DJ and McGuire, RE and Rosenvinge, TT von and Reames, DV},
  journal={Journal of Geophysical Research: Space Physics},
  volume={89},
  number={A11},
  pages={9683--9693},
  year={1984},
  publisher={Wiley Online Library}
}

@article{mason1984temporal,
  title={Temporal variations of nucleonic abundances in solar flare energetic particle events. II-Evidence for large-scale shock acceleration},
  author={Mason, GM and Gloeckler, G and Hovestadt, D},
  journal={The Astrophysical Journal},
  volume={280},
  pages={902--916},
  year={1984}
}

@article{cliver1989solar,
  title={Solar flare nuclear gamma-rays and interplanetary proton events},
  author={Cliver, EW and Forrest, DJ and Cane, HV and Reames, DV and McGuire, RE and Von Rosenvinge, TT and Kane, SR and MacDowall, RJ},
  journal={The Astrophysical Journal},
  volume={343},
  pages={953--970},
  year={1989}
}

@article{fisk1978he,
  title={He-3-rich flares-A possible explanation},
  author={Fisk, LA},
  journal={The Astrophysical Journal},
  volume={224},
  pages={1048--1055},
  year={1978}
}

@article{temerin1992production,
  title={The production of He-3 and heavy ion enrichment in He-3-rich flares by electromagnetic hydrogen cyclotron waves},
  author={Temerin, M and Roth, I},
  journal={The Astrophysical Journal},
  volume={391},
  pages={L105--L108},
  year={1992}
}

@article{meyer1985solar,
  title={Solar-stellar outer atmospheres and energetic particles, and galactic cosmic rays},
  author={Meyer, J-P},
  journal={The Astrophysical Journal Supplement Series},
  volume={57},
  pages={173--204},
  year={1985}
}

@article{luhn1987mean,
  title={The mean ionic charge of silicon in He-3-rich solar flares},
  author={Luhn, A and Klecker, B and Hovestadt, D and M{\"o}bius, E},
  journal={The Astrophysical Journal},
  volume={317},
  pages={951--955},
  year={1987}
}

@article{tylka1999observations,
  title={Observations of systematic temporal evolution in elemental composition during gradual solar energetic particle events},
  author={Tylka, Allan J and Reames, Donald V and Ng, Chee K},
  journal={Geophysical research letters},
  volume={26},
  number={14},
  pages={2141--2144},
  year={1999},
  publisher={Wiley Online Library}
}
@article{litvinenko1995relativistic,
  title={Relativistic acceleration of protons in reconnecting current sheets of solar flares},
  author={Litvinenko, Yu E and Somov, BV},
  journal={Solar Physics},
  volume={158},
  number={2},
  pages={317--330},
  year={1995},
  publisher={Springer}
}

@article{speicer1965particle,
  title={Particle trajectories in model current sheets, 1. Analitical solutions},
  author={Speicer, TW},
  journal={J. Geophys. Res.},
  volume={70},
  pages={4219},
  year={1965}
}

@article{fermi1949origin,
  title={On the origin of the cosmic radiation},
  author={Fermi, Enrico},
  journal={Physical Review},
  volume={75},
  number={8},
  pages={1169},
  year={1949},
  publisher={APS}
}

@inproceedings{cliver1995extreme,
  title={Extreme" propagation" of solar energetic particles},
  author={Cliver, EW and Kahler, SW and Neidig, DF and Cane, HV and Richardson, IG and Kallenrode, MB and Wibberenz, G},
  booktitle={International Cosmic Ray Conference},
  volume={4},
  pages={257},
  year={1995}
}


@article{harrison1995nature,
  title={The nature of solar flares associated with coronal mass ejection.},
  author={Harrison, RA},
  journal={Astronomy and Astrophysics},
  volume={304},
  pages={585},
  year={1995}
}

@article{chen2000emerging,
  title={An emerging flux trigger mechanism for coronal mass ejections},
  author={Chen, PF and Shibata, K},
  journal={The Astrophysical Journal},
  volume={545},
  number={1},
  pages={524},
  year={2000},
  publisher={IOP Publishing}
}


@article{cohen1999inferred,
  title={Inferred charge states of high energy solar particles from the Solar Isotope Spectrometer on ACE},
  author={Cohen, CMS and Cummings, AC and Leske, RA and Mewaldt, RA and Stone, EC and Dougherty, BL and Wiedenbeck, ME and Christian, ER and Von Rosenvinge, TT},
  journal={Geophysical research letters},
  volume={26},
  number={2},
  pages={149--152},
  year={1999},
  publisher={Wiley Online Library}
}

@article{desai2001acceleration,
  title={Acceleration of 3He nuclei at interplanetary shocks},
  author={Desai, Mihir I and Mason, Glenn M and Dwyer, Joseph R and Mazur, Joseph E and Smith, Charles W and Skoug, Ruth M},
  journal={The Astrophysical Journal Letters},
  volume={553},
  number={1},
  pages={L89},
  year={2001},
  publisher={IOP Publishing}
}

@article{cane2003two,
  title={Two components in major solar particle events},
  author={Cane, HV and Von Rosenvinge, TT and Cohen, CMS and Mewaldt, RA},
  journal={Geophysical research letters},
  volume={30},
  number={12},
  year={2003},
  publisher={Wiley Online Library}
}

@article{cliver1982injection,
  title={Injection onsets of 2 GeV protons, 1 MeV electrons, and 100 keV electrons in solar cosmic ray flares},
  author={Cliver, EW and Kahler, SW and Shea, MA and Smart, DF},
  journal={The Astrophysical Journal},
  volume={260},
  pages={362--370},
  year={1982}
}

@article{krucker2000two,
  title={Two classes of solar proton events derived from onset time analysis},
  author={Krucker, S{\"a}m and Lin, RP},
  journal={The Astrophysical Journal Letters},
  volume={542},
  number={1},
  pages={L61},
  year={2000},
  publisher={IOP Publishing}
}

@inproceedings{haggerty2009probing,
  title={Probing SEP Acceleration Processes With Near-relativistic Electrons},
  author={Haggerty, Dennis K and Roelof, Edmond C},
  booktitle={AIP Conference Proceedings},
  volume={1183},
  number={1},
  pages={3--10},
  year={2009},
  organization={AIP}
}

@article{kouloumvakos2015properties,
  title={Properties of solar energetic particle events inferred from their associated radio emission},
  author={Kouloumvakos, A and Nindos, A and Valtonen, E and Alissandrakis, CE and Malandraki, O and Tsitsipis, P and Kontogeorgos, A and Moussas, X and Hillaris, A},
  journal={Astronomy \& Astrophysics},
  volume={580},
  pages={A80},
  year={2015},
  publisher={EDP Sciences}
}

@article{xie2016energy,
  title={Energy dependence of SEP electron and proton onset times},
  author={Xie, Hong and M{\"a}kel{\"a}, P and Gopalswamy, Nat and St Cyr, OC},
  journal={Journal of Geophysical Research: Space Physics},
  volume={121},
  number={7},
  pages={6168--6183},
  year={2016},
  publisher={Wiley Online Library}
}

@article{kahler1994injection,
  title={Injection profiles of solar energetic particles as functions of coronal mass ejection heights},
  author={Kahler, S},
  journal={The Astrophysical Journal},
  volume={428},
  pages={837--842},
  year={1994}
}

@article{gopalswamy2013first,
  title={The first ground level enhancement event of solar cycle 24: direct observation of shock formation and particle release heights},
  author={Gopalswamy, N and Xie, H and Akiyama, S and Yashiro, S and Usoskin, IG and Davila, JM},
  journal={The Astrophysical Journal Letters},
  volume={765},
  number={2},
  pages={L30},
  year={2013},
  publisher={IOP Publishing}
}

@article{thakur2014ground,
  title={Ground level enhancement in the 2014 January 6 solar energetic particle event},
  author={Thakur, N and Gopalswamy, N and Xie, H and M{\"a}kel{\"a}, P and Yashiro, S and Akiyama, S and Davila, JM},
  journal={The Astrophysical Journal Letters},
  volume={790},
  number={1},
  pages={L13},
  year={2014},
  publisher={IOP Publishing}
}

@article{lin2002reuven,
  title={The Reuven Ramaty high-energy solar spectroscopic imager (RHESSI)},
  author={Lin, Robert P and Dennis, Brian R and Hurford, GJ and Smith, DM and Zehnder, A and Harvey, PR and Curtis, DW and Pankow, D and Turin, P and Bester, M and others},
  journal={Solar Physics},
  volume={210},
  number={1-2},
  pages={3--32},
  year={2002},
  publisher={Springer}
}

@article{carmichael1962high,
  title={High-energy solar-particle events},
  author={Carmichael, Hugh},
  journal={Space Science Reviews},
  volume={1},
  number={1},
  pages={28--61},
  year={1962},
  publisher={Springer}
}

@inproceedings{gopalswamy2005coronal,
  title={Coronal mass ejections and ground level enhancements},
  author={Gopalswamy, N and Xie, H and Yashiro, S and Usoskin, I},
  booktitle={International Cosmic Ray Conference},
  volume={1},
  pages={169},
  year={2005}
}

@article{perez1992spectrum,
  title={Spectrum of accelerated particles in solar proton events with a fast component},
  author={Perez-Peraza, J and Gallegos-Cruz, A and Vasheniuk, EV and Miroshnichenko, LI},
  journal={Geomagnetism and Aeronomy},
  volume={32},
  pages={1--12},
  year={1992}
}


@article{haggerty2002impulsive,
  title={Impulsive near-relativistic solar electron events: Delayed injection with respect to solar electromagnetic emission},
  author={Haggerty, Dennis K and Roelof, Edmond C},
  journal={The Astrophysical Journal},
  volume={579},
  number={2},
  pages={841},
  year={2002},
  publisher={IOP Publishing}
}

@article{lin1985energetic,
  title={Energetic solar electrons in the interplanetary medium},
  author={Lin, RP},
  journal={Solar Physics},
  volume={100},
  number={1-2},
  pages={537--561},
  year={1985},
  publisher={Springer}
}

@article{reames1985solar,
  title={Solar He-3-rich events and nonrelativistic electron events-A new association},
  author={Reames, DV and Von Rosenvinge, TT and Lin, Robert P},
  journal={The Astrophysical Journal},
  volume={292},
  pages={716--724},
  year={1985}
}

@article{huttunen2005proton,
  title={Proton and helium release times in SEP events observed with SOHO/ERNE},
  author={Huttunen-Heikinmaa, K and Valtonen, E and Laitinen, T},
  journal={Astronomy \& Astrophysics},
  volume={442},
  number={2},
  pages={673--685},
  year={2005},
  publisher={EDP Sciences}
}

@article{wraase2018interpretation,
  title={Interpretation of increased energetic particle flux measurements by SEPT aboard the STEREO spacecraft and contamination},
  author={Wraase, S and Heber, B and B{\"o}ttcher, S and Bucik, R and Dresing, N and G{\'o}mez-Herrero, R and Klassen, A and M{\"u}ller-Mellin, R},
  journal={Astronomy \& Astrophysics},
  volume={611},
  pages={A100},
  year={2018},
  publisher={EDP Sciences}
}

@article{thernisien2009forward,
  title={Forward modeling of coronal mass ejections using STEREO/SECCHI data},
  author={Thernisien, A and Vourlidas, A and Howard, RA},
  journal={Solar Physics},
  volume={256},
  number={1-2},
  pages={111--130},
  year={2009},
  publisher={Springer}
}

@article{thernisien2006modeling,
  title={Modeling of flux rope coronal mass ejections},
  author={Thernisien, AFR and Howard, RA and Vourlidas, A},
  journal={The Astrophysical Journal},
  volume={652},
  number={1},
  pages={763},
  year={2006},
  publisher={IOP Publishing}
}


@ARTICLE{gosling1993the,
   author = {{Gosling}, J.~T.},
    title = "{The solar flare myth}",
  journal = {\jgr},
 keywords = {Interplanetary Physics: Interplanetary shocks, Magnetospheric Physics: Storms and substorms, Solar Physics, Astrophysics, and Astronomy: Flares},
     year = 1993,
    month = nov,
   volume = 98,
    pages = {18937-18950},
      doi = {10.1029/93JA01896},
   adsurl = {http://adsabs.harvard.edu/abs/1993JGR....9818937G},
  adsnote = {Provided by the SAO/NASA Astrophysics Data System}
}


@article{neupert1968comparison,
  title={Comparison of solar X-ray line emission with microwave emission during flares},
  author={Neupert, Werner M},
  journal={The Astrophysical Journal},
  volume={153},
  pages={L59},
  year={1968}
}

@inproceedings{hudson1991differential,
  title={Differential Emission-Measure Variations and the" Neupert Effect"},
  author={Hudson, HS},
  booktitle={Bulletin of the American Astronomical Society},
  volume={23},
  pages={1064},
  year={1991}
}


@book{敖敖1987宇宙电动力学导论,
  title={宇宙电动力学导论},
  author={敖敖 and 玉华 and 天体物理学},
  year={1987},
  publisher={高等教育出版社}
}


%———————
@comment{BibDesk Static Groups{
<?xml version="1.0" encoding="UTF-8"?>
<!DOCTYPE plist PUBLIC "-//Apple//DTD PLIST 1.0//EN" "http://www.apple.com/DTDs/PropertyList-1.0.dtd">
<plist version="1.0">
<array>
	<dict>
		<key>group name</key>
		<string>First</string>
		<key>keys</key>
		<string></string>
	</dict>
</array>
</plist>
}}
